<?xml version='1.0' encoding='UTF-8'?>
<record xmlns="http://www.loc.gov/MARC21/slim">
  <leader>01122cam a2200337   4500</leader>
  <controlfield tag="001">2768833</controlfield>
  <controlfield tag="003">NjP</controlfield>
  <controlfield tag="005">20170516151421.0</controlfield>
  <controlfield tag="008">940929s1962    sy            000 0 arar </controlfield>
  <datafield tag="024" ind1="7" ind2=" ">
    <subfield code="a">princeton_aco003130</subfield>
    <subfield code="2">local</subfield>
  </datafield>
  <datafield ind1=" " ind2=" " tag="010">
    <subfield code="a">ne 66000512 </subfield>
  </datafield>
  <datafield ind1=" " ind2=" " tag="035">
    <subfield code="a">(OCoLC)ocn178407658</subfield>
  </datafield>
  <datafield ind1=" " ind2=" " tag="035">
    <subfield code="a">(OCoLC)ocm31196910</subfield>
  </datafield>
  <datafield ind1=" " ind2=" " tag="040">
    <subfield code="a">DLC</subfield>
    <subfield code="c">PUL</subfield>
    <subfield code="d">PUL</subfield>
  </datafield>
  <datafield ind1=" " ind2=" " tag="035">
    <subfield code="a">(OCoLC)178407658</subfield>
  </datafield>
  <datafield ind1=" " ind2=" " tag="035">
    <subfield code="9">CNG5237TS</subfield>
  </datafield>
  <datafield ind1=" " ind2=" " tag="035">
    <subfield code="a">(NjP)2768833</subfield>
  </datafield>
  <datafield ind1="0" ind2=" " tag="050">
    <subfield code="a">BP189</subfield>
    <subfield code="b">.M29</subfield>
  </datafield>
  <datafield ind1=" " ind2=" " tag="079">
    <subfield code="a">ocm31196910</subfield>
  </datafield>
  <datafield ind1=" " ind2=" " tag="049">
    <subfield code="a">PULL</subfield>
  </datafield>
  <datafield ind1="0" ind2="3" tag="245">
    <subfield code="6">880-01</subfield>
    <subfield code="a">al-Majmūʻah al-ṣughrá lil-fawāʼid al-kubrá,</subfield>
    <subfield code="c">taqdīm wa-taḥqīq Ṣafwat al-Saqqā.</subfield>
  </datafield>
  <datafield ind1=" " ind2=" " tag="250">
    <subfield code="6">880-02</subfield>
    <subfield code="a">[al-Ṭabʻah 2.]</subfield>
  </datafield>
  <datafield ind1=" " ind2=" " tag="260">
    <subfield code="6">880-03</subfield>
    <subfield code="a">Ḥalab,</subfield>
    <subfield code="b">Maktabat Rabīʻ</subfield>
    <subfield code="c">[1962]</subfield>
  </datafield>
  <datafield ind1=" " ind2=" " tag="300">
    <subfield code="a">4, 208 p.</subfield>
    <subfield code="c">25 cm.</subfield>
  </datafield>
  <datafield ind1=" " ind2="0" tag="650">
    <subfield code="a">Sufism</subfield>
    <subfield code="x">Collections.</subfield>
  </datafield>
  <datafield ind1="1" ind2=" " tag="700">
    <subfield code="6">880-04</subfield>
    <subfield code="a">Saqqā, Ṣafwat.</subfield>
  </datafield>
  <datafield ind1="0" ind2="2" tag="880">
    <subfield code="6">245-01/r</subfield>
    <subfield code="a">المجموعة الصغرى للفوائد الكبرى،</subfield>
    <subfield code="c">تقديم وتحقيق صفوة السقا.</subfield>
  </datafield>
  <datafield ind1=" " ind2=" " tag="880">
    <subfield code="6">250-02/r</subfield>
    <subfield code="a">[الطبعة 2.]</subfield>
  </datafield>
  <datafield ind1=" " ind2=" " tag="880">
    <subfield code="6">260-03/r</subfield>
    <subfield code="a">حلب،</subfield>
    <subfield code="b">مكتبة ربيع</subfield>
    <subfield code="c">[1962]</subfield>
  </datafield>
  <datafield ind1="1" ind2=" " tag="880">
    <subfield code="6">700-04/r</subfield>
    <subfield code="a">سقا، صفوة.</subfield>
  </datafield>
  <datafield ind1=" " ind2=" " tag="911">
    <subfield code="a">20000130</subfield>
  </datafield>
  <datafield ind1=" " ind2=" " tag="994">
    <subfield code="a">C0</subfield>
    <subfield code="b">PUL</subfield>
  </datafield>
  <datafield ind1=" " ind2=" " tag="999">
    <subfield code="a">2768833</subfield>
  </datafield>
  <datafield ind1="0" ind2="0" tag="852">
    <subfield code="0">3079662</subfield>
    <subfield code="b">rcppa</subfield>
    <subfield code="t">1</subfield>
    <subfield code="h">BP189</subfield>
    <subfield code="i">.M29 1962</subfield>
    <subfield code="x">tr fr nec</subfield>
  </datafield>
  <datafield ind1=" " ind2=" " tag="959">
    <subfield code="a">2009-06-29 11:23:42 -0400</subfield>
  </datafield>
</record>
